@inproceedings{BlockNystrom,
    Title = {Memory Efficient Kernel Approximation},
    Author = {Si Si and Cho-jui Hsieh and Inderjit Dhillon},
    Editor = {Tony Jebara and Eric P. Xing},
    Year = {2014},
    Booktitle = {ICML-14},
}
@inproceedings{Sridharan_2008_COLT,
  author    = {Karthik Sridharan and
               Sham M. Kakade},
  title     = {An Information Theoretic Framework for Multi-view Learning},
  booktitle = {21st Annual Conference on Learning Theory - {COLT}},
  year      = {2008}
}
@inproceedings{Yu_2012_KDD,
 author = {Yu, Guoxian and Domeniconi, Carlotta and Rangwala, Huzefa and Zhang, Guoji and Yu, Zhiwen},
 title = {Transductive Multi-label Ensemble Classification for Protein Function Prediction},
 booktitle = {Proceedings of the 18th ACM SIGKDD International Conference on Knowledge Discovery and Data Mining},
 year = {2012}
} 
@inproceedings{Farquhar_2005_NIPS,
    author = {Farquhar, Jason D. R. and Hardoon, David R. and Meng, Hongying and Taylor, John S. and Szedm\'{a}k, S\'{a}ndor},
    booktitle = {NIPS},
    title = {Two view learning: {SVM-2K}, Theory and Practice.},
    year = {2005}
}
@article{Yu_2013_TBioinfo,
 author = {Yu, Guoxian and Rangwala, Huzefa and Domeniconi, Carlotta and Zhang, Guoji and Yu, Zhiwen},
 title = {Protein Function Prediction Using Multi-label Ensemble Classification},
 journal = {IEEE/ACM Trans. Comput. Biol. Bioinformatics},
 volume = {10},
 number = {4},
 month = jul,
 year = {2013}
} 
@article{Tsuda_2005_BioInfor,
 author = {Tsuda, Koji and Shin, Hyunjung and Sch\"{o}lkopf, Bernhard},
 title = {Fast Protein Classification with Multiple Networks},
 journal = {Bioinformatics},
 volume = {21},
 number = {2},
 month = Jan,
 year = {2005},
 pages = {59--65}
} 

@inproceedings {Brefeld_2006_ICML,
author = {Ulf Brefeld and Thomas G{\"a}rtner and Tobias Scheffer and Stefan Wrobel},
title = {Efficient Co{--}Regularised Least Squares Regression},
year = {2006},
booktitle = {Proceedings of the 23rd International Conference on Machine Learning}
}

@article{homol,
  author =	"Jan de Leeuw and Patrick Mair",
  title =	{{Gifi Methods for Optimal Scaling in R: The Package homals}},
  journal =	"Journal of Statistical Software",
  volume =	"31",
  number =	"4",
  pages =	"1--21",
  month =	"8",
  year = 	"2009",
}
@inproceedings{Guo_2012_ICML,
  author = {Guo, Yuhong and Xiao, Min},
  booktitle = {ICML},
  title = {Cross Language Text Classification via Subspace Co-regularized Multi-view Learning .},
  year = 2012
}
@inproceedings{Rosenberg_2007_AISTATS, 
    Publisher = {Journal of Machine Learning Research - Proceedings Track}, 
    Author = {David S. Rosenberg and Peter L. Bartlett}, 
    Booktitle = {Proceedings of the Eleventh International Conference on Artificial Intelligence and Statistics (AISTATS)}, 
    Title = {The Rademacher Complexity of Co-Regularized Kernel Classes}, 
    Year = {2007}
}
@article{Mostafavi_2010_Bioinfo,
  author = {Mostafavi, Sara and Morris, Quaid},
  journal = {Bioinformatics},
  number = 14,
  pages = {1759-1765},
  title = {Fast integration of heterogeneous data sources for predicting gene function with limited annotation.},
  volume = 26,
  year = 2010
}
@inproceedings{lin_2014_icml, 
    Author = {Zijia Lin and Guiguang Ding and Mingqing Hu and Jianmin Wang}, 
    Title = {Multi-label Classification via Feature-aware Implicit Label Space Encoding}, 
    Year = {2014}, 
    Booktitle = {ICML-14} 
   }
@book{Manifold_Learning,
 author = {Ma, Yunqian and Fu, Yun},
 title = {Manifold Learning Theory and Applications},
 year = {2011},
 isbn = {1439871094, 9781439871096},
 edition = {1st},
 publisher = {CRC Press, Inc.},
 address = {Boca Raton, FL, USA},
} 
@article{vector_value_function,
  author    = {Charles A. Micchelli and
               Massimiliano Pontil},
  title     = {On Learning Vector-Valued Functions},
  journal   = {Neural Computation},
  year      = {2005},
  volume    = {17},
  number    = {1},
  pages     = {177--204}
}
@inproceedings{output_kernel,
    author = {Dinuzzo, Francesco and Ong, Cheng S. and Gehler, Peter V. and Pillonetto, Gianluigi},
    booktitle = {ICML},
    title = {{Learning Output Kernels with Block Coordinate Descent}},
    year = {2011}
}
@inproceedings{low_rank_kernel,
  author    = {Francesco Dinuzzo and
               Kenji Fukumizu},
  title     = {Learning low-rank output kernels},
  booktitle = {ACML},
  year      = {2011}
}

@article{Sun_2011_PAMI,
 author = {Sun, Liang and Ji, Shuiwang and Ye, Jieping},
 title = {Canonical Correlation Analysis for Multilabel Classification: A Least-Squares Formulation, Extensions, and Analysis},
 journal = {IEEE Trans. Pattern Anal. Mach. Intell.},
 volume = {33},
 number = {1},
 month = jan,
 year = {2011}
} 

@inproceedings{Sun_2009_IJCAI,
 author = {Sun, Liang and Ji, Shuiwang and Yu, Shipeng and Ye, Jieping},
 title = {On the Equivalence Between Canonical Correlation Analysis and Orthonormalized Partial Least Squares},
 booktitle = {IJCAI},
 year = {2009},
} 
@book{MVA_book,
    author = {Izenman, Alan J.},
    publisher = {Springer New York},
    title = {{Modern Multivariate Statistical Techniques : Regression, Classification, and Manifold Learning}},
    year = {2008}
}
@inproceedings{RankSVM,
  author = {Elisseeff, Andr{\'{e}} and Weston, Jason},
  booktitle = {{Advances in Neural Information Processing Systems (NIPS)}},
  title = {A Kernel Method for Multi-Labelled Classification},
  year = 2002
}
@inproceedings{Ji_2009_IJCAI,
 author = {Ji, Shuiwang and Ye, Jieping},
 title = {Linear Dimensionality Reduction for Multi-label Classification},
 booktitle = {International Jont Conference on Artifical Intelligence},
 series = {IJCAI'09},
 year = {2009}
} 
@article{Belkin_2006_JMLR,
 author = {Belkin, Mikhail and Niyogi, Partha and Sindhwani, Vikas},
 title = {Manifold Regularization: A Geometric Framework for Learning from Labeled and Unlabeled Examples},
 journal = {J. Mach. Learn. Res.},
 volume = {7},
 month = dec,
 year = {2006},
 pages = {2399--2434}
} 


@article{Baseline,
  author    = {Ameesh Makadia and
               Vladimir Pavlovic and
               Sanjiv Kumar},
  title     = {Baselines for Image Annotation},
  journal   = {International Journal of Computer Vision},
  volume    = {90},
  year      = {2010},
  pages     = {88-105}
}
@InProceedings{GMVS09,
  author       = "Matthieu Guillaumin and Thomas Mensink and Jakob Verbeek and Cordelia Schmid",
  title        = "TagProp: Discriminative metric learning in nearest neighbor models for image auto-annotation",
  booktitle    = "ICCV",
  year         = "2009",
}
@book{MLDR_2013,
 author = {Liang Sun, Shuiwang Ji, Jieping Ye},
 title = {Multi-Label Dimensionality Reduction},
 year = {2013},
 publisher = {Chapman & Hall/CRC}
} 
@article{Rousu_JMLR_2006,
  author    = {Juho Rousu and
               Craig Saunders and
               S{\'{a}}ndor Szedm{\'{a}}k and
               John Shawe{-}Taylor},
  title     = {Kernel-Based Learning of Hierarchical Multilabel Classification Models},
  journal   = {Journal of Machine Learning Research},
  year      = {2006},
  volume    = {7},
  pages     = {1601--1626}
}
@ARTICLE{gifi,
    author = {George Michailidis and Jan de Leeuw},
    title = {{The Gifi System Of Descriptive Multivariate Analysis}},
    journal = {STATISTICAL SCIENCE},
    year = {1998},
    volume = {13},
    pages = {307--336}
}
@article{Zhang_2013_MLRL,
 author = {Zhang, Yu and Yeung, Dit-Yan},
 title = {Multilabel Relationship Learning},
 journal = {ACM Trans. Knowl. Discov. Data},
 volume = {7},
 number = {2},
 month = Aug,
 year = {2013},
 pages = {1--30},
 publisher = {ACM}
} 
@inproceedings{Hariharan_icml_2010,
  author    = {Bharath Hariharan and
               Lihi Zelnik{-}Manor and
               S. V. N. Vishwanathan and
               Manik Varma},
  title     = {Large Scale Max-Margin Multi-Label Classification with Priors},
  booktitle = {{ICML}},
  year      = {2010}
}
@inproceedings{chen_2013_icml, 
    Author = {Minmin Chen and Alice Zheng and Kilian Q. Weinberger}, 
    Booktitle = {ICML}, 
    Title = {Fast Image Tagging}, 
    Year = {2013}
}
@article{MelzerRB03,
  author = {Melzer, Thomas and Reiter, Michael and Bischof, Horst},
  journal = {Pattern Recognition},
  number = 9,
  pages = {1961-1971},
  title = {Appearance models based on kernel canonical correlation analysis.},
  volume = 36,
  year = 2003
}


@article{PCA_manifold,
 author = {Murase, Hiroshi and Nayar, Shree K.},
 title = {{Visual Learning and Recognition of 3-D Objects from Appearance}},
 journal = {Int. J. Comput. Vision},
 volume = {14},
 number = {1},
 month = jan,
 year = {1995},
 pages = {5--24},
 publisher = {Kluwer Academic Publishers},
} 
@incollection{Ji_NIPS_2008,
 title = {Multi-label Multiple Kernel Learning},
 author = {Shuiwang Ji and Liang Sun and Jin, Rong and Ye, Jieping},
 booktitle = {{Advances in Neural Information Processing Systems (NIPS)}},
 year = {2009}
}

@INPROCEEDINGS{Bie_05,
    author = {Tijl De Bie and Nello Cristianini and Roman Rosipal},
    title = {{Eigenproblems in Pattern Recognition}},
    booktitle = {Handbook of Geometric Computing: Applications in Pattern Recognition, Computer Vision, Neuralcomputing, and Robotics},
    year = {2005},
    pages = {129--170},
    publisher = {Springer}
}
@INPROCEEDINGS {Hsu_NIPS_2009,
	title = {Multi-Label Prediction via Compressed Sensing},
	booktitle = {{NIPS}},
	year = {2009},
	author = {Hsu, Daniel and Sham Kakade and John Langford and Tong Zhang}
}
@INPROCEEDINGS{CCA_3,
    author = {Carroll, J.D.},
    title = {{A generalization of canonical correlation analysis to three or more sets of variables}},
    booktitle = {Proceeding of the 76th Convention of the American Psychological Association},
    year = {1968}
}

@inproceedings{Xiong_esann_2014,
  author    = {Hanchen Xiong and
               S{\'{a}}ndor Szedm{\'{a}}k and
               Justus H. Piater},
  title     = {Joint {SVM} for Accurate and Fast Image Tagging},
  booktitle = {European Symposium on Artificial Neural Networks, {ESANN}},
  year      = {2014}
}

@book{Shawe_Taylor_book,
 author = {Shawe-Taylor, John and Cristianini, Nello},
 title = {Kernel Methods for Pattern Analysis},
 year = {2004},
 publisher = {Cambridge University Press},
 address = {New York, NY, USA},
} 

@article{HardoonSS04,
  author = {Hardoon, David R. and Szedmak, Sandor and Shawe-Taylor, John},
  journal = {Neural Computation},
  number = 12,
  pages = {2639-2664},
  title = {{Canonical Correlation Analysis: An Overview with Application to Learning Methods.}},
  volume = 16,
  year = 2004
}

@book{Sun_MLDR,
 author = {Ye, Jieping and Ji, Shuiwang and Sun, Liang},
 title = {Multi-Label Dimensionality Reduction},
 year = {2011},
 publisher = {Chapman \& Hall/CRC}
} 

@article{Kernel_alignment,
 author = {Cortes, Corinna and Mohri, Mehryar and Rostamizadeh, Afshin},
 title = {Algorithms for Learning Kernels Based on Centered Alignment},
 journal = {J. Mach. Learn. Res.},
 volume = {13},
 number = {1},
 month = mar,
 year = {2012},
 pages = {795--828}
} 
@article{MKL,
 author = {Zhe Wang and Songcan Chen and Tingkai Sun},
 title = {MultiK-MHKS: A Novel Multiple Kernel Learning Algorithm},
 journal = {{IEEE} Trans. Pattern Anal. Mach. Intell.},
 volume = {30},
 number={2},
 month = feb,
 year = {2008}
} 
@article{MKL_cv,
  author    = {Serhat Selcuk Bucak and
               Rong Jin and
               Anil K. Jain},
  title     = {Multiple Kernel Learning for Visual Object Recognition: {A} Review},
  journal   = {{IEEE} Trans. Pattern Anal. Mach. Intell.},
  year      = {2014},
  volume    = {36},
  number    = {7},
  pages     = {1354--1369}
}


